


@inproceedings{kour2014fast,
	title={Deep Learning for Survival Analysis: A Review},
	author={Simon Wiegrebe, Philipp Kopper},
	year={2014},
	journal={arXiv:2305.14961v4}
}

